
@ARTICLE{Calzetti1994,
   author = {{Calzetti}, D. and {Kinney}, A.~L. and {Storchi-Bergmann}, T.
	},
    title = "{Dust extinction of the stellar continua in starburst galaxies: The ultraviolet and optical extinction law}",
  journal = {\apj},
 keywords = {ASTRONOMICAL MODELS, CONTINUUMS, DISTRIBUTION FUNCTIONS, INTERPLANETARY DUST, INTERSTELLAR EXTINCTION, METALLICITY, SPECTRA, SPECTRAL ENERGY DISTRIBUTION, STARBURST GALAXIES, ULTRAVIOLET SPECTRA, ANALYTIC FUNCTIONS, APERTURES, AVERAGE, CALIBRATING, DERIVATION, EXTRACTION, IUE, NUMERICAL ANALYSIS, OPTIMIZATION, PHOTOMETRY},
     year = 1994,
    month = jul,
   volume = 429,
    pages = {582-601},
      doi = {10.1086/174346},
   adsurl = {http://adsabs.harvard.edu/abs/1994ApJ...429..582C},
  adsnote = {Provided by the SAO/NASA Astrophysics Data System}
}


@ARTICLE{Charlot2000,
   author = {{Charlot}, S. and {Fall}, S.~M.},
    title = "{A Simple Model for the Absorption of Starlight by Dust in Galaxies}",
  journal = {\apj},
   eprint = {arXiv:astro-ph/0003128},
 keywords = {ISM: Dust, Extinction, Galaxies: ISM, Galaxies: Starburst, Infrared: Galaxies, Ultraviolet: Galaxies},
     year = 2000,
    month = aug,
   volume = 539,
    pages = {718-731},
      doi = {10.1086/309250},
   adsurl = {http://adsabs.harvard.edu/abs/2000ApJ...539..718C},
  adsnote = {Provided by the SAO/NASA Astrophysics Data System}
}

@ARTICLE{Tuffs2004,
   author = {{Tuffs}, R.~J. and {Popescu}, C.~C. and {V{\"o}lk}, H.~J. and 
	{Kylafis}, N.~D. and {Dopita}, M.~A.},
    title = "{Modelling the spectral energy distribution of galaxies.  III. Attenuation of stellar light in spiral galaxies}",
  journal = {\aap},
   eprint = {arXiv:astro-ph/0401630},
 keywords = {galaxies: spiral, ISM dust, extinction, radiative transfer, galaxies: structure, ISM: HII regions, galaxies: bulges, ultraviolet: galaxies},
     year = 2004,
    month = jun,
   volume = 419,
    pages = {821-835},
      doi = {10.1051/0004-6361:20035689},
   adsurl = {http://adsabs.harvard.edu/abs/2004A%26A...419..821T},
  adsnote = {Provided by the SAO/NASA Astrophysics Data System}
}

@ARTICLE{Chevallard2013,
   author = {{Chevallard}, J. and {Charlot}, S. and {Wandelt}, B. and {Wild}, V.
	},
    title = "{Insights into the content and spatial distribution of dust from the integrated spectral properties of galaxies}",
  journal = {\mnras},
archivePrefix = "arXiv",
   eprint = {1303.6631},
 primaryClass = "astro-ph.CO",
 keywords = {radiative transfer, dust, extinction, galaxies: general, galaxies: ISM},
     year = 2013,
    month = jul,
   volume = 432,
    pages = {2061-2091},
      doi = {10.1093/mnras/stt523},
   adsurl = {http://adsabs.harvard.edu/abs/2013MNRAS.432.2061C},
  adsnote = {Provided by the SAO/NASA Astrophysics Data System}
}


